@article{url1,
 author = {Granlund, Torbj\"{o}rn and Kenner, Richard},
 title = {Eliminating Branches Using a Superoptimizer and the GNU C Compiler},
 journal = {SIGPLAN Not.},
 issue_date = {July 1992},
 volume = {27},
 number = {7},
 month = jul,
 year = {1992},
 issn = {0362-1340},
 pages = {341--352},
 numpages = {12},
 url = {http://doi.acm.org/10.1145/143103.143146},
 doi = {10.1145/143103.143146},
 acmid = {143146},
 publisher = {ACM},
 address = {New York, NY, USA},
} 

@article{article1,
 author = {Schkufza, Eric and Sharma, Rahul and Aiken, Alex},
 title = {Stochastic Superoptimization},
 journal = {SIGPLAN Not.},
 issue_date = {April 2013},
 volume = {48},
 number = {4},
 month = mar,
 year = {2013},
 issn = {0362-1340},
 pages = {305--316},
 numpages = {12},
 url = {http://doi.acm.org/10.1145/2499368.2451150},
 doi = {10.1145/2499368.2451150},
 acmid = {2451150},
 publisher = {ACM},
 address = {New York, NY, USA},
 keywords = {64-bit, binary, markov chain monte carlo, mcmc, smt, stochastic search, superoptimization, x86, x86-64},
} 

@article{article2,
 author = {Sharma, Rahul and Schkufza, Eric and Churchill, Berkeley and Aiken, Alex},
 title = {Data-driven Equivalence Checking},
 journal = {SIGPLAN Not.},
 issue_date = {October 2013},
 volume = {48},
 number = {10},
 month = oct,
 year = {2013},
 issn = {0362-1340},
 pages = {391--406},
 numpages = {16},
 url = {http://doi.acm.org/10.1145/2544173.2509509},
 doi = {10.1145/2544173.2509509},
 acmid = {2509509},
 publisher = {ACM},
 address = {New York, NY, USA},
 keywords = {binary analysis, compilers, markov chain monte carlo, optimization, smt, superoptimization, verification, x86},
} 

@inproceedings{article3,
 author = {De Moura, Leonardo and Bj{\o}rner, Nikolaj},
 title = {Z3: An Efficient SMT Solver},
 booktitle = {Proceedings of the Theory and Practice of Software, 14th International Conference on Tools and Algorithms for the Construction and Analysis of Systems},
 series = {TACAS'08/ETAPS'08},
 year = {2008},
 isbn = {3-540-78799-2, 978-3-540-78799-0},
 location = {Budapest, Hungary},
 pages = {337--340},
 numpages = {4},
 url = {http://dl.acm.org/citation.cfm?id=1792734.1792766},
 acmid = {1792766},
 publisher = {Springer-Verlag},
 address = {Berlin, Heidelberg},
} 

@article{article4,
 author = {Heule, Stefan and Schkufza, Eric and Sharma, Rahul and Aiken, Alex},
 title = {Stratified Synthesis: Automatically Learning the x86-64 Instruction Set},
 journal = {SIGPLAN Not.},
 issue_date = {June 2016},
 volume = {51},
 number = {6},
 month = jun,
 year = {2016},
 issn = {0362-1340},
 pages = {237--250},
 numpages = {14},
 url = {http://doi.acm.org/10.1145/2980983.2908121},
 doi = {10.1145/2980983.2908121},
 acmid = {2908121},
 publisher = {ACM},
 address = {New York, NY, USA},
 keywords = {ISA specification, program synthesis, x86-64},
} 

@article{article5,
 author = {Schkufza, Eric and Sharma, Rahul and Aiken, Alex},
 title = {Stochastic Program Optimization},
 journal = {Commun. ACM},
 issue_date = {February 2016},
 volume = {59},
 number = {2},
 month = jan,
 year = {2016},
 issn = {0001-0782},
 pages = {114--122},
 numpages = {9},
 url = {http://doi.acm.org/10.1145/2863701},
 doi = {10.1145/2863701},
 acmid = {2863701},
 publisher = {ACM},
 address = {New York, NY, USA},
} 

@article{float2,
 author = {Schkufza, Eric and Sharma, Rahul and Aiken, Alex},
 title = {Stochastic Optimization of Floating-point Programs with Tunable Precision},
 journal = {SIGPLAN Not.},
 issue_date = {June 2014},
 volume = {49},
 number = {6},
 month = jun,
 year = {2014},
 issn = {0362-1340},
 pages = {53--64},
 numpages = {12},
 url = {http://doi.acm.org/10.1145/2666356.2594302},
 doi = {10.1145/2666356.2594302},
 acmid = {2594302},
 publisher = {ACM},
 address = {New York, NY, USA},
 keywords = {64-bit, MCMC, Markov Chain Monte Carlo, SMT, binary, floating-point, precision, stochastic search, x86, x86-64},
} 

@misc{branch,
    author = {Andrew J. Hutton and Linux Symposium and C. Craig Ross and Linux Symposium and Ben Elliston Ibm and Janis Johnson Ibm and Mark Mitchell Codesourcery and Toshi Morita and Diego Novillo Google and Gerald Pfeifer Novell and Ian Lance Taylor and C. Craig Ross and Linux Symposium and Roger Anthony Sayle},
    title = {A Superoptimizer Analysis of Multiway Branch Code Generation},
    year = {2008}
}

@inproceedings{avoid,
    author = {Frank Mueller and David B. Whalley},
    title = {Avoiding conditional branches bycode replication},
    booktitle = {In Proceedings of the ACM SIGPLAN'95 Conference onProgramming Language Design and Implementation (PLDI},
    year = {1995},
    pages = {56--66}
}

@article{sto,
 author = {Sharma, Rahul and Schkufza, Eric and Churchill, Berkeley and Aiken, Alex},
 title = {Conditionally Correct Superoptimization},
 journal = {SIGPLAN Not.},
 issue_date = {October 2015},
 volume = {50},
 number = {10},
 month = oct,
 year = {2015},
 issn = {0362-1340},
 pages = {147--162},
 numpages = {16},
 url = {http://doi.acm.org/10.1145/2858965.2814278},
 doi = {10.1145/2858965.2814278},
 acmid = {2814278},
 publisher = {ACM},
 address = {New York, NY, USA},
 keywords = {Binary Analysis, Compilers, Markov Chain Monte Carlo, Optimization, SMT, Superoptimization, Verification, x86},
} 

@article{super,
 author = {Bansal, Sorav and Aiken, Alex},
 title = {Automatic Generation of Peephole Superoptimizers},
 journal = {SIGOPS Oper. Syst. Rev.},
 issue_date = {December 2006},
 volume = {40},
 number = {5},
 month = oct,
 year = {2006},
 issn = {0163-5980},
 pages = {394--403},
 numpages = {10},
 url = {http://doi.acm.org/10.1145/1168917.1168906},
 doi = {10.1145/1168917.1168906},
 acmid = {1168906},
 publisher = {ACM},
 address = {New York, NY, USA},
 keywords = {code selection, peephole optimization, superoptimization},
} 

@misc{pdf4,
key = {pdfa},
title={Literature review: Superoptimizers},
author={Hume, Tom},
month = nov,
year={2011},
howpublished={Dosegljivo: \url{http://www.sis.uta.fi/~pt/TIEA5_Thesis_Course/Session_09_2013_02_15/Example\%20Literature\%20Reviews/Example\%20Literature\%20review\%20Chronological.pdf}},
note = {[Dostopano: \today]},
}

@unpublished{pdf5,
           month = {August},
           title = {Superoptimisation: provably optimal code generation using answer set programming},
          school = {University of Bath},
          author = {Thomas Crick},
            year = {2009},
        keywords = {compliers,logic programming,code optimisation,answer set programming},
             url = {http://opus.bath.ac.uk/20352/}
}

@TECHREPORT{pdf1,
  AUTHOR =        {Garg, Aseem},
  TITLE =         {SuperOptimization based LLVM to x86 Compiler},
  INSTITUTION =   {Indian Institute of Technology Delhi},
  ADDRESS =       {Delhi},
  MONTH =         {January},
  YEAR  =         {2006},
  AUTHOR1_URL =   {http://www.cse.iitd.ac.in/~cs1080165/},
  AUTHOR1_EMAIL = {aseemgarg89@gmail.com},
  PAGES =         {3},
  FILE  =         {report.pdf},
  URL   =         {},
  CONTACT =       {webmaster[at]admin.iitd.ac.in}
}

@article{pdf2,
 author = {Massalin, Henry},
 title = {Superoptimizer: A Look at the Smallest Program},
 journal = {SIGPLAN Not.},
 issue_date = {Oct. 1987},
 volume = {22},
 number = {10},
 month = oct,
 year = {1987},
 issn = {0362-1340},
 pages = {122--126},
 numpages = {5},
 url = {http://doi.acm.org/10.1145/36205.36194},
 doi = {10.1145/36205.36194},
 acmid = {36194},
 publisher = {ACM},
 address = {New York, NY, USA},
} 

@misc{sup2,
title={STOKE},
howpublished={Dosegljivo: \url{https://github.com/StanfordPL/stoke}},
note = {[Dostopano: \today]},
}

@misc{sup1,
title={GNU SUPEROPTIMIZER},
howpublished={Dosegljivo: \url{https://github.com/embecosm/gnu-superopt}},
note = {[Dostopano: \today]},
}

@misc{gcc,
title={Options That Control Optimization},
howpublished={Dosegljivo: \url{https://github.com/embecosm/gnu-superopt}},
note = {[Dostopano: \today]},
}

@misc{huff,
title={Huffman coding},
howpublished={Dosegljivo: \url{https://www.cs.cf.ac.uk/Dave/Multimedia/node210.html}},
note = {[Dostopano: \today]},
}

@misc{code1,
title={Huffman github},
howpublished={Dosegljivo: \url{https://github.com/maxtors/Huffman}},
note = {[Dostopano: \today]},
}

@misc{float,
title={IEEE Standard 754 Floating Point Numbers},
author={Hollasch, Steve},
howpublished={Dosegljivo: \url{http://steve.hollasch.net/cgindex/coding/ieeefloat.html}},
note = {[Dostopano: \today]},
}

@misc{asem,
title={Introduction to x64 Assembly},
howpublished={Dosegljivo: \url{https://software.intel.com/sites/default/files/m/d/4/1/d/8/Introduction_to_x64_Assembly.pdf}},
note = {[Dostopano: \today]},
}

@misc{gcc2,
title={GNU Compiler Collection},
howpublished={Dosegljivo: \url{https://gcc.gnu.org/wiki/HomePage}},
note={[Dostopano: \today]},
}

@misc{box,
title={VirtualBox},
howpublished={Dosegljivo: \url{https://www.virtualbox.org/wiki/VirtualBox}},
note={[Dostopano: \today]},
}

@misc{cygwin,
title={Cygwin},
howpublished={Dosegljivo: \url{https://www.cygwin.com/}},
note={[Dostopano: \today]},
}

@article{ann,
author = {HASTINGS, W. K.}, 
title = {Monte Carlo sampling methods using Markov chains and their applications},
volume = {57}, 
number = {1}, 
pages = {97-109}, 
year = {1970}, 
doi = {10.1093/biomet/57.1.97}, 
abstract ={SUMMARY A generalization of the sampling method introduced by Metropolis et al. (1953) is presented along with an exposition of the relevant theory, techniques of application and methods and difficulties of assessing the error in Monte Carlo estimates. Examples of the methods, including the generation of random orthogonal matrices and potential applications of the methods to numerical problems arising in statistics, are discussed.}, 
URL = {http://biomet.oxfordjournals.org/content/57/1/97.abstract}, 
eprint = {http://biomet.oxfordjournals.org/content/57/1/97.full.pdf+html}, 
journal = {Biometrika} 
}

@misc{pdf6,
   author = {S{\"a}rnesj{\"o}, Jesper},
   institution = {KTH, School of Computer Science and Communication (CSC)},
   school = {KTH, School of Computer Science and Communication (CSC)},
   title = {Using Binary Decision Diagrams to Determine Program Equivalence in a Superoptimizer.},
   series = {Trita-CSC-E},
   number = {2011:144},
   year = {2011}
}

@misc{razlog,
title={A Generic Superoptimizer},
howpublished={Dosegljivo: \url{https://anthonythecoder.wordpress.com/2016/03/04/a-generic-superoptimizer/}},
note={[Dostopano: \today]},
}

@article{search,
 author = {Krumme, David W. and Ackley, David H.},
 title = {A Practical Method for Code Generation Based on Exhaustive Search},
 journal = {SIGPLAN Not.},
 issue_date = {June 1982},
 volume = {17},
 number = {6},
 month = jun,
 year = {1982},
 issn = {0362-1340},
 pages = {185--196},
 numpages = {12},
 url = {http://doi.acm.org/10.1145/872726.806994},
 doi = {10.1145/872726.806994},
 acmid = {806994},
 publisher = {ACM},
 address = {New York, NY, USA},
} 

@inproceedings{float3,
 author = {Benz, Florian and Hildebrandt, Andreas and Hack, Sebastian},
 title = {A Dynamic Program Analysis to Find Floating-point Accuracy Problems},
 booktitle = {Proceedings of the 33rd ACM SIGPLAN Conference on Programming Language Design and Implementation},
 series = {PLDI '12},
 year = {2012},
 isbn = {978-1-4503-1205-9},
 location = {Beijing, China},
 pages = {453--462},
 numpages = {10},
 url = {http://doi.acm.org/10.1145/2254064.2254118},
 doi = {10.1145/2254064.2254118},
 acmid = {2254118},
 publisher = {ACM},
 address = {New York, NY, USA},
 keywords = {dynamic program analysis, floating-point accuracy, program instrumentation},
}
